@article{FastOptimalFrChen2010,
  author = {Chen, Xi and Ruschhaupt, A. and Schmidt, S. and del Campo, A. and Guery-Odelin, D. and Muga, J. G.},
  doi = {10.1103/physrevlett.104.063002},
  issue = {6},
  journal = {Physical Review Letters},
  language = {en},
  month = {2},
  publisher = {American Physical Society (APS)},
  title = {Fast Optimal Frictionless Atom Cooling in Harmonic Traps: Shortcut to Adiabaticity},
  url = {http://dx.doi.org/10.1103/physrevlett.104.063002},
  volume = {104},
  year = {2010},
}

@article{ABosonicJosepGati2007,
  author = {Gati, R and Oberthaler, M K},
  doi = {10.1088/0953-4075/40/10/r01},
  issue = {10},
  journal = {Journal of Physics B: Atomic, Molecular and Optical Physics},
  month = {5},
  pages = {R61--R89},
  publisher = {IOP Publishing},
  title = {A bosonic Josephson junction},
  url = {http://dx.doi.org/10.1088/0953-4075/40/10/r01},
  volume = {40},
  year = {2007},
}

@article{FastGenerationJulia2012,
  author = {Julia-Diaz, B. and Torrontegui, E. and Martorell, J. and Muga, J. G. and Polls, A.},
  doi = {10.1103/physreva.86.063623},
  issue = {6},
  journal = {Physical Review A},
  language = {en},
  month = {12},
  publisher = {American Physical Society (APS)},
  title = {Fast generation of spin-squeezed states in bosonic Josephson junctions},
  url = {http://dx.doi.org/10.1103/physreva.86.063623},
  volume = {86},
  year = {2012},
}

@article{1912.06057v1,
  author = {Whitty, Chris and Kiely, Anthony and Ruschhaupt, Andreas},
  doi = {10.1103/PhysRevResearch.2.023360},
  eprint = {1912.06057v1},
  month = {Dec},
  note = {Phys. Rev. Research 2, 023360 (2020)},
  title = {Quantum Control via Enhanced Shortcuts to Adiabaticity},
  url = {http://arxiv.org/abs/1912.06057v1},
  year = {2019},
}

@article{BoseEinsteinCJulia2010,
  author = {Juli\'{a}-D\'{\i}az, B. and Martorell, J. and Polls, A.},
  doi = {10.1103/physreva.81.063625},
  issue = {6},
  journal = {Physical Review A},
  language = {en},
  month = {6},
  publisher = {American Physical Society (APS)},
  title = {Bose-Einstein condensates on slightly asymmetric double-well potentials},
  url = {http://dx.doi.org/10.1103/physreva.81.063625},
  volume = {81},
  year = {2010},
}
